<record><leader>00000cas a22000007a 4500</leader><controlfield tag="001">19989683</controlfield><controlfield tag="008">890711d18uu1888gauwr ne      0    0eng d</controlfield><datafield ind1=" " ind2=" " tag="010"><subfield code="a">sn 89053670 </subfield></datafield><datafield ind1=" " ind2=" " tag="040"><subfield code="a">NLG</subfield><subfield code="b">eng</subfield><subfield code="c">NLG</subfield><subfield code="d">GUA</subfield><subfield code="d">OCLCQ</subfield><subfield code="d">OCLCF</subfield><subfield code="d">OCLCO</subfield></datafield><datafield ind1="1" ind2=" " tag="029"><subfield code="a">AU@</subfield><subfield code="b">000025903406</subfield></datafield><datafield ind1=" " ind2=" " tag="042"><subfield code="a">msc</subfield></datafield><datafield ind1=" " ind2=" " tag="043"><subfield code="a">n-us-ga</subfield></datafield><datafield ind1="0" ind2=" " tag="130"><subfield code="a">Conyers weekly (Conyers, Ga. : 1883)</subfield></datafield><datafield ind1="1" ind2="4" tag="245"><subfield code="a">The Conyers weekly.</subfield></datafield><datafield ind1="1" ind2=" " tag="246"><subfield code="i">Published with title:</subfield><subfield code="a">Weekly</subfield><subfield code="f">June 29, 1883-Dec. 21, 1883 and Mar. 7, 1884-June 20, 1884</subfield></datafield><datafield ind1="1" ind2=" " tag="246"><subfield code="i">Published with title:</subfield><subfield code="a">Weekly-farmer</subfield><subfield code="f">Feb. 27, 1885-May 1, 1885</subfield></datafield><datafield ind1="1" ind2=" " tag="246"><subfield code="i">Published with title:</subfield><subfield code="a">Conyers weekly-farmer</subfield><subfield code="f">May 8, 1885-Oct. 1885</subfield></datafield><datafield ind1=" " ind2=" " tag="260"><subfield code="a">Conyers, Ga. :</subfield><subfield code="b">Hale &amp; White,</subfield><subfield code="c">-[1888]</subfield></datafield><datafield ind1=" " ind2=" " tag="300"><subfield code="a">v.</subfield></datafield><datafield ind1=" " ind2=" " tag="310"><subfield code="a">Weekly</subfield></datafield><datafield ind1="0" ind2=" " tag="362"><subfield code="a">-v. 11, no. 32 (Oct. 5, 1888).</subfield></datafield><datafield ind1=" " ind2=" " tag="530"><subfield code="a">Also on microfilm: Athens, Ga. : University of Georgia Libraries.</subfield></datafield><datafield ind1=" " ind2=" " tag="588"><subfield code="a">Description based on: Vol. 4, no. 4 (Apr. 13, 1883).</subfield></datafield><datafield ind1=" " ind2="0" tag="651"><subfield code="a">Conyers (Ga.)</subfield><subfield code="v">Newspapers.</subfield></datafield><datafield ind1=" " ind2="0" tag="651"><subfield code="a">Rockdale County (Ga.)</subfield><subfield code="v">Newspapers.</subfield></datafield><datafield ind1=" " ind2="7" tag="655"><subfield code="a">Newspapers.</subfield><subfield code="2">fast</subfield><subfield code="0">(OCoLC)fst01423814</subfield></datafield><datafield ind1=" " ind2="7" tag="651"><subfield code="a">Georgia</subfield><subfield code="z">Conyers.</subfield><subfield code="2">fast</subfield><subfield code="0">(OCoLC)fst01216882</subfield></datafield><datafield ind1=" " ind2="7" tag="651"><subfield code="a">Georgia</subfield><subfield code="z">Rockdale County.</subfield><subfield code="2">fast</subfield><subfield code="0">(OCoLC)fst01216867</subfield></datafield><datafield ind1=" " ind2=" " tag="752"><subfield code="a">United States</subfield><subfield code="b">Georgia</subfield><subfield code="c">Rockdale</subfield><subfield code="d">Conyers.</subfield></datafield><datafield ind1="0" ind2="0" tag="785"><subfield code="t">Rockdale banner</subfield><subfield code="w">(DLC)sn 89053669</subfield><subfield code="w">(OCoLC)19989679</subfield></datafield></record>